%YAML 1.1
%TAG !u! tag:unity3d.com,2011:
--- !u!29 &1
SceneSettings:
  m_ObjectHideFlags: 0
  m_PVSData: 
  m_PVSObjectsArray: []
  m_PVSPortalsArray: []
  m_OcclusionBakeSettings:
    smallestOccluder: 5
    smallestHole: 0.25
    backfaceThreshold: 100
--- !u!104 &2
RenderSettings:
  m_ObjectHideFlags: 0
  serializedVersion: 7
  m_Fog: 0
  m_FogColor: {r: 0.5, g: 0.5, b: 0.5, a: 1}
  m_FogMode: 3
  m_FogDensity: 0.01
  m_LinearFogStart: 0
  m_LinearFogEnd: 300
  m_AmbientSkyColor: {r: 0.212, g: 0.227, b: 0.259, a: 1}
  m_AmbientEquatorColor: {r: 0.114, g: 0.125, b: 0.133, a: 1}
  m_AmbientGroundColor: {r: 0.047, g: 0.043, b: 0.035, a: 1}
  m_AmbientIntensity: 1
  m_AmbientMode: 0
  m_SkyboxMaterial: {fileID: 10304, guid: 0000000000000000f000000000000000, type: 0}
  m_HaloStrength: 0.5
  m_FlareStrength: 1
  m_FlareFadeSpeed: 3
  m_HaloTexture: {fileID: 0}
  m_SpotCookie: {fileID: 10001, guid: 0000000000000000e000000000000000, type: 0}
  m_DefaultReflectionMode: 0
  m_DefaultReflectionResolution: 128
  m_ReflectionBounces: 1
  m_ReflectionIntensity: 1
  m_CustomReflection: {fileID: 0}
  m_Sun: {fileID: 0}
  m_IndirectSpecularColor: {r: 0.44692498, g: 0.496787, b: 0.57508546, a: 1}
--- !u!157 &3
LightmapSettings:
  m_ObjectHideFlags: 0
  serializedVersion: 7
  m_GIWorkflowMode: 0
  m_GISettings:
    serializedVersion: 2
    m_BounceScale: 1
    m_IndirectOutputScale: 1
    m_AlbedoBoost: 1
    m_TemporalCoherenceThreshold: 1
    m_EnvironmentLightingMode: 0
    m_EnableBakedLightmaps: 1
    m_EnableRealtimeLightmaps: 1
  m_LightmapEditorSettings:
    serializedVersion: 4
    m_Resolution: 2
    m_BakeResolution: 40
    m_TextureWidth: 1024
    m_TextureHeight: 1024
    m_AO: 0
    m_AOMaxDistance: 1
    m_CompAOExponent: 1
    m_CompAOExponentDirect: 0
    m_Padding: 2
    m_LightmapParameters: {fileID: 0}
    m_LightmapsBakeMode: 1
    m_TextureCompression: 1
    m_DirectLightInLightProbes: 1
    m_FinalGather: 0
    m_FinalGatherFiltering: 1
    m_FinalGatherRayCount: 256
    m_ReflectionCompression: 2
  m_LightingDataAsset: {fileID: 0}
  m_RuntimeCPUUsage: 25
--- !u!196 &4
NavMeshSettings:
  serializedVersion: 2
  m_ObjectHideFlags: 0
  m_BuildSettings:
    serializedVersion: 2
    agentRadius: 0.5
    agentHeight: 2
    agentSlope: 45
    agentClimb: 0.4
    ledgeDropHeight: 0
    maxJumpAcrossDistance: 0
    accuratePlacement: 0
    minRegionArea: 2
    cellSize: 0.16666667
    manualCellSize: 0
  m_NavMeshData: {fileID: 0}
--- !u!1001 &184551173
Prefab:
  m_ObjectHideFlags: 0
  serializedVersion: 2
  m_Modification:
    m_TransformParent: {fileID: 0}
    m_Modifications:
    - target: {fileID: 400000, guid: 384a0d8cc71cef74a873b3353337ea2c, type: 2}
      propertyPath: m_LocalPosition.x
      value: 0
      objectReference: {fileID: 0}
    - target: {fileID: 400000, guid: 384a0d8cc71cef74a873b3353337ea2c, type: 2}
      propertyPath: m_LocalPosition.y
      value: 0
      objectReference: {fileID: 0}
    - target: {fileID: 400000, guid: 384a0d8cc71cef74a873b3353337ea2c, type: 2}
      propertyPath: m_LocalPosition.z
      value: 0
      objectReference: {fileID: 0}
    - target: {fileID: 400000, guid: 384a0d8cc71cef74a873b3353337ea2c, type: 2}
      propertyPath: m_LocalRotation.x
      value: 0
      objectReference: {fileID: 0}
    - target: {fileID: 400000, guid: 384a0d8cc71cef74a873b3353337ea2c, type: 2}
      propertyPath: m_LocalRotation.y
      value: 0
      objectReference: {fileID: 0}
    - target: {fileID: 400000, guid: 384a0d8cc71cef74a873b3353337ea2c, type: 2}
      propertyPath: m_LocalRotation.z
      value: 0
      objectReference: {fileID: 0}
    - target: {fileID: 400000, guid: 384a0d8cc71cef74a873b3353337ea2c, type: 2}
      propertyPath: m_LocalRotation.w
      value: 1
      objectReference: {fileID: 0}
    - target: {fileID: 400000, guid: 384a0d8cc71cef74a873b3353337ea2c, type: 2}
      propertyPath: m_RootOrder
      value: 2
      objectReference: {fileID: 0}
    - target: {fileID: 11400000, guid: 384a0d8cc71cef74a873b3353337ea2c, type: 2}
      propertyPath: mInitializedInEditor
      value: 1
      objectReference: {fileID: 0}
    - target: {fileID: 3300000, guid: 384a0d8cc71cef74a873b3353337ea2c, type: 2}
      propertyPath: m_Mesh
      value: 
      objectReference: {fileID: 1454988444}
    - target: {fileID: 11400000, guid: 384a0d8cc71cef74a873b3353337ea2c, type: 2}
      propertyPath: mTrackableName
      value: EMtalkspattern2
      objectReference: {fileID: 0}
    - target: {fileID: 11400000, guid: 384a0d8cc71cef74a873b3353337ea2c, type: 2}
      propertyPath: mDataSetPath
      value: QCAR/EMtalks.xml
      objectReference: {fileID: 0}
    - target: {fileID: 11400000, guid: 384a0d8cc71cef74a873b3353337ea2c, type: 2}
      propertyPath: mAspectRatio
      value: 0.922
      objectReference: {fileID: 0}
    - target: {fileID: 11400000, guid: 384a0d8cc71cef74a873b3353337ea2c, type: 2}
      propertyPath: mWidth
      value: 10
      objectReference: {fileID: 0}
    - target: {fileID: 11400000, guid: 384a0d8cc71cef74a873b3353337ea2c, type: 2}
      propertyPath: mHeight
      value: 9.22
      objectReference: {fileID: 0}
    - target: {fileID: 2300000, guid: 384a0d8cc71cef74a873b3353337ea2c, type: 2}
      propertyPath: m_Materials.Array.data[0]
      value: 
      objectReference: {fileID: 185771227}
    - target: {fileID: 400000, guid: 384a0d8cc71cef74a873b3353337ea2c, type: 2}
      propertyPath: m_LocalScale.x
      value: 10
      objectReference: {fileID: 0}
    - target: {fileID: 400000, guid: 384a0d8cc71cef74a873b3353337ea2c, type: 2}
      propertyPath: m_LocalScale.y
      value: 10
      objectReference: {fileID: 0}
    - target: {fileID: 400000, guid: 384a0d8cc71cef74a873b3353337ea2c, type: 2}
      propertyPath: m_LocalScale.z
      value: 10
      objectReference: {fileID: 0}
    - target: {fileID: 11400000, guid: 384a0d8cc71cef74a873b3353337ea2c, type: 2}
      propertyPath: mExtendedTracking
      value: 1
      objectReference: {fileID: 0}
    m_RemovedComponents: []
  m_ParentPrefab: {fileID: 100100000, guid: 384a0d8cc71cef74a873b3353337ea2c, type: 2}
  m_IsPrefabParent: 0
--- !u!4 &184551174 stripped
Transform:
  m_PrefabParentObject: {fileID: 400000, guid: 384a0d8cc71cef74a873b3353337ea2c, type: 2}
  m_PrefabInternal: {fileID: 184551173}
--- !u!21 &185771227
Material:
  serializedVersion: 6
  m_ObjectHideFlags: 0
  m_PrefabParentObject: {fileID: 0}
  m_PrefabInternal: {fileID: 0}
  m_Name: EMtalkspattern2_scaledMaterial
  m_Shader: {fileID: 10752, guid: 0000000000000000f000000000000000, type: 0}
  m_ShaderKeywords: 
  m_LightmapFlags: 5
  m_CustomRenderQueue: -1
  stringTagMap: {}
  m_SavedProperties:
    serializedVersion: 2
    m_TexEnvs:
    - first:
        name: _MainTex
      second:
        m_Texture: {fileID: 2800000, guid: 071ae82a9fc542b2ad98a88c375e7bde, type: 3}
        m_Scale: {x: 1, y: 1}
        m_Offset: {x: 0, y: 0}
    m_Floats: []
    m_Colors:
    - first:
        name: _Color
      second: {r: 0.82089555, g: 0.82089555, b: 0.82089555, a: 1}
--- !u!1 &285193572
GameObject:
  m_ObjectHideFlags: 0
  m_PrefabParentObject: {fileID: 0}
  m_PrefabInternal: {fileID: 0}
  serializedVersion: 4
  m_Component:
  - 4: {fileID: 285193573}
  - 33: {fileID: 285193576}
  - 64: {fileID: 285193575}
  - 23: {fileID: 285193574}
  m_Layer: 0
  m_Name: Plane
  m_TagString: Untagged
  m_Icon: {fileID: 0}
  m_NavMeshLayer: 0
  m_StaticEditorFlags: 0
  m_IsActive: 1
--- !u!4 &285193573
Transform:
  m_ObjectHideFlags: 0
  m_PrefabParentObject: {fileID: 0}
  m_PrefabInternal: {fileID: 0}
  m_GameObject: {fileID: 285193572}
  m_LocalRotation: {x: -0, y: -0, z: -0, w: 1}
  m_LocalPosition: {x: -0.005, y: 0.01, z: 0}
  m_LocalScale: {x: 0.21, y: 0.1, z: 0.096}
  m_LocalEulerAnglesHint: {x: 0, y: 0, z: 0}
  m_Children: []
  m_Father: {fileID: 184551174}
  m_RootOrder: 0
--- !u!23 &285193574
MeshRenderer:
  m_ObjectHideFlags: 0
  m_PrefabParentObject: {fileID: 0}
  m_PrefabInternal: {fileID: 0}
  m_GameObject: {fileID: 285193572}
  m_Enabled: 1
  m_CastShadows: 1
  m_ReceiveShadows: 1
  m_MotionVectors: 1
  m_LightProbeUsage: 1
  m_ReflectionProbeUsage: 1
  m_Materials:
  - {fileID: 10303, guid: 0000000000000000f000000000000000, type: 0}
  m_SubsetIndices: 
  m_StaticBatchRoot: {fileID: 0}
  m_ProbeAnchor: {fileID: 0}
  m_LightProbeVolumeOverride: {fileID: 0}
  m_ScaleInLightmap: 1
  m_PreserveUVs: 1
  m_IgnoreNormalsForChartDetection: 0
  m_ImportantGI: 0
  m_SelectedWireframeHidden: 0
  m_MinimumChartSize: 4
  m_AutoUVMaxDistance: 0.5
  m_AutoUVMaxAngle: 89
  m_LightmapParameters: {fileID: 0}
  m_SortingLayerID: 0
  m_SortingOrder: 0
--- !u!64 &285193575
MeshCollider:
  m_ObjectHideFlags: 0
  m_PrefabParentObject: {fileID: 0}
  m_PrefabInternal: {fileID: 0}
  m_GameObject: {fileID: 285193572}
  m_Material: {fileID: 0}
  m_IsTrigger: 0
  m_Enabled: 1
  serializedVersion: 2
  m_Convex: 0
  m_Mesh: {fileID: 10209, guid: 0000000000000000e000000000000000, type: 0}
--- !u!33 &285193576
MeshFilter:
  m_ObjectHideFlags: 0
  m_PrefabParentObject: {fileID: 0}
  m_PrefabInternal: {fileID: 0}
  m_GameObject: {fileID: 285193572}
  m_Mesh: {fileID: 10209, guid: 0000000000000000e000000000000000, type: 0}
--- !u!1 &457671768
GameObject:
  m_ObjectHideFlags: 0
  m_PrefabParentObject: {fileID: 0}
  m_PrefabInternal: {fileID: 0}
  serializedVersion: 4
  m_Component:
  - 4: {fileID: 457671769}
  - 23: {fileID: 457671771}
  - 102: {fileID: 457671770}
  m_Layer: 0
  m_Name: test
  m_TagString: Untagged
  m_Icon: {fileID: 0}
  m_NavMeshLayer: 0
  m_StaticEditorFlags: 0
  m_IsActive: 1
--- !u!4 &457671769
Transform:
  m_ObjectHideFlags: 0
  m_PrefabParentObject: {fileID: 0}
  m_PrefabInternal: {fileID: 0}
  m_GameObject: {fileID: 457671768}
  m_LocalRotation: {x: 0.7071068, y: 0, z: 0, w: 0.7071068}
  m_LocalPosition: {x: 0.429, y: 0.11, z: -0.316}
  m_LocalScale: {x: 0.01, y: 0.01, z: 0.01}
  m_LocalEulerAnglesHint: {x: 90, y: 0, z: 0}
  m_Children: []
  m_Father: {fileID: 184551174}
  m_RootOrder: 6
--- !u!102 &457671770
TextMesh:
  serializedVersion: 3
  m_ObjectHideFlags: 0
  m_PrefabParentObject: {fileID: 0}
  m_PrefabInternal: {fileID: 0}
  m_GameObject: {fileID: 457671768}
  m_Text: 'test

'
  m_OffsetZ: 0
  m_CharacterSize: 1
  m_LineSpacing: 1
  m_Anchor: 0
  m_Alignment: 0
  m_TabSize: 0
  m_FontSize: 100
  m_FontStyle: 0
  m_RichText: 1
  m_Font: {fileID: 10102, guid: 0000000000000000e000000000000000, type: 0}
  m_Color:
    serializedVersion: 2
    rgba: 4278190080
--- !u!23 &457671771
MeshRenderer:
  m_ObjectHideFlags: 0
  m_PrefabParentObject: {fileID: 0}
  m_PrefabInternal: {fileID: 0}
  m_GameObject: {fileID: 457671768}
  m_Enabled: 1
  m_CastShadows: 1
  m_ReceiveShadows: 1
  m_MotionVectors: 1
  m_LightProbeUsage: 1
  m_ReflectionProbeUsage: 1
  m_Materials:
  - {fileID: 10100, guid: 0000000000000000e000000000000000, type: 0}
  m_SubsetIndices: 
  m_StaticBatchRoot: {fileID: 0}
  m_ProbeAnchor: {fileID: 0}
  m_LightProbeVolumeOverride: {fileID: 0}
  m_ScaleInLightmap: 1
  m_PreserveUVs: 0
  m_IgnoreNormalsForChartDetection: 0
  m_ImportantGI: 0
  m_SelectedWireframeHidden: 0
  m_MinimumChartSize: 4
  m_AutoUVMaxDistance: 0.5
  m_AutoUVMaxAngle: 89
  m_LightmapParameters: {fileID: 0}
  m_SortingLayerID: 0
  m_SortingOrder: 0
--- !u!1001 &564002262
Prefab:
  m_ObjectHideFlags: 0
  serializedVersion: 2
  m_Modification:
    m_TransformParent: {fileID: 0}
    m_Modifications:
    - target: {fileID: 11400002, guid: bf30d577eead1ef40bcf2b404289daf4, type: 2}
      propertyPath: mDataSetsToLoad.Array.size
      value: 1
      objectReference: {fileID: 0}
    - target: {fileID: 11400002, guid: bf30d577eead1ef40bcf2b404289daf4, type: 2}
      propertyPath: mDataSetsToActivate.Array.size
      value: 1
      objectReference: {fileID: 0}
    - target: {fileID: 400000, guid: bf30d577eead1ef40bcf2b404289daf4, type: 2}
      propertyPath: m_LocalPosition.x
      value: 0
      objectReference: {fileID: 0}
    - target: {fileID: 400000, guid: bf30d577eead1ef40bcf2b404289daf4, type: 2}
      propertyPath: m_LocalPosition.y
      value: 19
      objectReference: {fileID: 0}
    - target: {fileID: 400000, guid: bf30d577eead1ef40bcf2b404289daf4, type: 2}
      propertyPath: m_LocalPosition.z
      value: 0
      objectReference: {fileID: 0}
    - target: {fileID: 400000, guid: bf30d577eead1ef40bcf2b404289daf4, type: 2}
      propertyPath: m_LocalRotation.x
      value: 0.7071068
      objectReference: {fileID: 0}
    - target: {fileID: 400000, guid: bf30d577eead1ef40bcf2b404289daf4, type: 2}
      propertyPath: m_LocalRotation.y
      value: 0
      objectReference: {fileID: 0}
    - target: {fileID: 400000, guid: bf30d577eead1ef40bcf2b404289daf4, type: 2}
      propertyPath: m_LocalRotation.z
      value: 0
      objectReference: {fileID: 0}
    - target: {fileID: 400000, guid: bf30d577eead1ef40bcf2b404289daf4, type: 2}
      propertyPath: m_LocalRotation.w
      value: 0.7071068
      objectReference: {fileID: 0}
    - target: {fileID: 400000, guid: bf30d577eead1ef40bcf2b404289daf4, type: 2}
      propertyPath: m_RootOrder
      value: 1
      objectReference: {fileID: 0}
    - target: {fileID: 11400006, guid: bf30d577eead1ef40bcf2b404289daf4, type: 2}
      propertyPath: VuforiaLicenseKey
      value: ARurS9H/////AAAAGaHgFWXYbEYgpDrF6LHNtPA0PuA125VmGjlF7dKUMvjiU6LilKBs6K09LiRW8HzZCMcwY7W6nl0xDrbs3lhQj7L+farCkUHOGZ6j3hcmBybzMsOxnnqQ2AwbggOxOmbSpyxb+3q5UGVVrNPHckVcGWDjCzZNh06ba6SHGijU3ozcZxhvstNgc5PQ95l9Tp5XP5NW1dSfPDeJImHB7PEeSdNz1nQul0ZtQhzDvP4tUFpnr4OvHkXxF7UYXkIES1ZeVOx5J+cBH1nv6NoQkvVmydTg4tRp1gvRB741KaNXlgSl7TG8Bh1RSKJryyNf8I5DCrALCPlGqquwsdI987pbjmw96ha5+TrqL3u4ZvWn3hzV
      objectReference: {fileID: 0}
    - target: {fileID: 11400002, guid: bf30d577eead1ef40bcf2b404289daf4, type: 2}
      propertyPath: mDataSetsToLoad.Array.data[0]
      value: EMtalks
      objectReference: {fileID: 0}
    - target: {fileID: 11400002, guid: bf30d577eead1ef40bcf2b404289daf4, type: 2}
      propertyPath: mDataSetsToActivate.Array.data[0]
      value: EMtalks
      objectReference: {fileID: 0}
    - target: {fileID: 400000, guid: bf30d577eead1ef40bcf2b404289daf4, type: 2}
      propertyPath: m_LocalEulerAnglesHint.x
      value: 90
      objectReference: {fileID: 0}
    - target: {fileID: 11400006, guid: bf30d577eead1ef40bcf2b404289daf4, type: 2}
      propertyPath: UseDelayedLoadingObjectTargets
      value: 1
      objectReference: {fileID: 0}
    - target: {fileID: 11400006, guid: bf30d577eead1ef40bcf2b404289daf4, type: 2}
      propertyPath: MaxSimultaneousImageTargets
      value: 5
      objectReference: {fileID: 0}
    - target: {fileID: 11400006, guid: bf30d577eead1ef40bcf2b404289daf4, type: 2}
      propertyPath: MaxSimultaneousObjectTargets
      value: 5
      objectReference: {fileID: 0}
    - target: {fileID: 11400006, guid: bf30d577eead1ef40bcf2b404289daf4, type: 2}
      propertyPath: CameraDirection
      value: 0
      objectReference: {fileID: 0}
    m_RemovedComponents: []
  m_ParentPrefab: {fileID: 100100000, guid: bf30d577eead1ef40bcf2b404289daf4, type: 2}
  m_IsPrefabParent: 0
--- !u!1001 &578563920
Prefab:
  m_ObjectHideFlags: 0
  serializedVersion: 2
  m_Modification:
    m_TransformParent: {fileID: 184551174}
    m_Modifications:
    - target: {fileID: 400000, guid: 86625a1103fcd4719b18939f5e41dc2e, type: 3}
      propertyPath: m_LocalPosition.x
      value: 0.09
      objectReference: {fileID: 0}
    - target: {fileID: 400000, guid: 86625a1103fcd4719b18939f5e41dc2e, type: 3}
      propertyPath: m_LocalPosition.y
      value: 0.263
      objectReference: {fileID: 0}
    - target: {fileID: 400000, guid: 86625a1103fcd4719b18939f5e41dc2e, type: 3}
      propertyPath: m_LocalPosition.z
      value: -1.521
      objectReference: {fileID: 0}
    - target: {fileID: 400000, guid: 86625a1103fcd4719b18939f5e41dc2e, type: 3}
      propertyPath: m_LocalRotation.x
      value: -0
      objectReference: {fileID: 0}
    - target: {fileID: 400000, guid: 86625a1103fcd4719b18939f5e41dc2e, type: 3}
      propertyPath: m_LocalRotation.y
      value: 0.7071068
      objectReference: {fileID: 0}
    - target: {fileID: 400000, guid: 86625a1103fcd4719b18939f5e41dc2e, type: 3}
      propertyPath: m_LocalRotation.z
      value: 0.7071068
      objectReference: {fileID: 0}
    - target: {fileID: 400000, guid: 86625a1103fcd4719b18939f5e41dc2e, type: 3}
      propertyPath: m_LocalRotation.w
      value: 0
      objectReference: {fileID: 0}
    - target: {fileID: 400000, guid: 86625a1103fcd4719b18939f5e41dc2e, type: 3}
      propertyPath: m_RootOrder
      value: 2
      objectReference: {fileID: 0}
    - target: {fileID: 400000, guid: 86625a1103fcd4719b18939f5e41dc2e, type: 3}
      propertyPath: m_LocalEulerAnglesHint.x
      value: -90
      objectReference: {fileID: 0}
    - target: {fileID: 400000, guid: 86625a1103fcd4719b18939f5e41dc2e, type: 3}
      propertyPath: m_LocalEulerAnglesHint.y
      value: 180
      objectReference: {fileID: 0}
    - target: {fileID: 400000, guid: 86625a1103fcd4719b18939f5e41dc2e, type: 3}
      propertyPath: m_LocalEulerAnglesHint.z
      value: 0
      objectReference: {fileID: 0}
    - target: {fileID: 400000, guid: 86625a1103fcd4719b18939f5e41dc2e, type: 3}
      propertyPath: m_LocalScale.z
      value: 14.40001
      objectReference: {fileID: 0}
    - target: {fileID: 400000, guid: 86625a1103fcd4719b18939f5e41dc2e, type: 3}
      propertyPath: m_LocalScale.x
      value: 5.0000067
      objectReference: {fileID: 0}
    - target: {fileID: 400000, guid: 86625a1103fcd4719b18939f5e41dc2e, type: 3}
      propertyPath: m_LocalScale.y
      value: 5.000004
      objectReference: {fileID: 0}
    - target: {fileID: 2300000, guid: 86625a1103fcd4719b18939f5e41dc2e, type: 3}
      propertyPath: m_ReceiveShadows
      value: 1
      objectReference: {fileID: 0}
    - target: {fileID: 100000, guid: 86625a1103fcd4719b18939f5e41dc2e, type: 3}
      propertyPath: m_Name
      value: EMtalksLogo (1)
      objectReference: {fileID: 0}
    m_RemovedComponents: []
  m_ParentPrefab: {fileID: 100100000, guid: 86625a1103fcd4719b18939f5e41dc2e, type: 3}
  m_IsPrefabParent: 0
--- !u!1001 &819349651
Prefab:
  m_ObjectHideFlags: 0
  serializedVersion: 2
  m_Modification:
    m_TransformParent: {fileID: 184551174}
    m_Modifications:
    - target: {fileID: 400000, guid: 86625a1103fcd4719b18939f5e41dc2e, type: 3}
      propertyPath: m_LocalPosition.x
      value: -2.594
      objectReference: {fileID: 0}
    - target: {fileID: 400000, guid: 86625a1103fcd4719b18939f5e41dc2e, type: 3}
      propertyPath: m_LocalPosition.y
      value: 0.263
      objectReference: {fileID: 0}
    - target: {fileID: 400000, guid: 86625a1103fcd4719b18939f5e41dc2e, type: 3}
      propertyPath: m_LocalPosition.z
      value: -0.031000001
      objectReference: {fileID: 0}
    - target: {fileID: 400000, guid: 86625a1103fcd4719b18939f5e41dc2e, type: 3}
      propertyPath: m_LocalRotation.x
      value: -0
      objectReference: {fileID: 0}
    - target: {fileID: 400000, guid: 86625a1103fcd4719b18939f5e41dc2e, type: 3}
      propertyPath: m_LocalRotation.y
      value: 0.7071068
      objectReference: {fileID: 0}
    - target: {fileID: 400000, guid: 86625a1103fcd4719b18939f5e41dc2e, type: 3}
      propertyPath: m_LocalRotation.z
      value: 0.7071068
      objectReference: {fileID: 0}
    - target: {fileID: 400000, guid: 86625a1103fcd4719b18939f5e41dc2e, type: 3}
      propertyPath: m_LocalRotation.w
      value: 0
      objectReference: {fileID: 0}
    - target: {fileID: 400000, guid: 86625a1103fcd4719b18939f5e41dc2e, type: 3}
      propertyPath: m_RootOrder
      value: 5
      objectReference: {fileID: 0}
    - target: {fileID: 400000, guid: 86625a1103fcd4719b18939f5e41dc2e, type: 3}
      propertyPath: m_LocalEulerAnglesHint.x
      value: -90
      objectReference: {fileID: 0}
    - target: {fileID: 400000, guid: 86625a1103fcd4719b18939f5e41dc2e, type: 3}
      propertyPath: m_LocalEulerAnglesHint.y
      value: 180
      objectReference: {fileID: 0}
    - target: {fileID: 400000, guid: 86625a1103fcd4719b18939f5e41dc2e, type: 3}
      propertyPath: m_LocalEulerAnglesHint.z
      value: 0
      objectReference: {fileID: 0}
    - target: {fileID: 400000, guid: 86625a1103fcd4719b18939f5e41dc2e, type: 3}
      propertyPath: m_LocalScale.z
      value: 14.400021
      objectReference: {fileID: 0}
    - target: {fileID: 400000, guid: 86625a1103fcd4719b18939f5e41dc2e, type: 3}
      propertyPath: m_LocalScale.x
      value: 5.0000143
      objectReference: {fileID: 0}
    - target: {fileID: 400000, guid: 86625a1103fcd4719b18939f5e41dc2e, type: 3}
      propertyPath: m_LocalScale.y
      value: 5.0000076
      objectReference: {fileID: 0}
    - target: {fileID: 2300000, guid: 86625a1103fcd4719b18939f5e41dc2e, type: 3}
      propertyPath: m_ReceiveShadows
      value: 1
      objectReference: {fileID: 0}
    - target: {fileID: 100000, guid: 86625a1103fcd4719b18939f5e41dc2e, type: 3}
      propertyPath: m_Name
      value: EMtalksLogo (4)
      objectReference: {fileID: 0}
    m_RemovedComponents: []
  m_ParentPrefab: {fileID: 100100000, guid: 86625a1103fcd4719b18939f5e41dc2e, type: 3}
  m_IsPrefabParent: 0
--- !u!1 &1058853900 stripped
GameObject:
  m_PrefabParentObject: {fileID: 100000, guid: 86625a1103fcd4719b18939f5e41dc2e, type: 3}
  m_PrefabInternal: {fileID: 2130144847}
--- !u!114 &1058853905
MonoBehaviour:
  m_ObjectHideFlags: 0
  m_PrefabParentObject: {fileID: 0}
  m_PrefabInternal: {fileID: 0}
  m_GameObject: {fileID: 1058853900}
  m_Enabled: 1
  m_EditorHideFlags: 0
  m_Script: {fileID: 11500000, guid: b7c3e64dbbacee844a9b870c430962aa, type: 3}
  m_Name: 
  m_EditorClassIdentifier: 
  LayerMask:
    serializedVersion: 2
    m_Bits: 4294967291
--- !u!114 &1058853906
MonoBehaviour:
  m_ObjectHideFlags: 0
  m_PrefabParentObject: {fileID: 0}
  m_PrefabInternal: {fileID: 0}
  m_GameObject: {fileID: 1058853900}
  m_Enabled: 1
  m_EditorHideFlags: 0
  m_Script: {fileID: 11500000, guid: 79ade725e9b05064e8b907582ee405fe, type: 3}
  m_Name: 
  m_EditorClassIdentifier: 
  Minimum: 10
  Maximum: 60
--- !u!1 &1059699626
GameObject:
  m_ObjectHideFlags: 0
  m_PrefabParentObject: {fileID: 0}
  m_PrefabInternal: {fileID: 0}
  serializedVersion: 4
  m_Component:
  - 4: {fileID: 1059699628}
  - 108: {fileID: 1059699627}
  m_Layer: 0
  m_Name: Directional Light
  m_TagString: Untagged
  m_Icon: {fileID: 0}
  m_NavMeshLayer: 0
  m_StaticEditorFlags: 0
  m_IsActive: 1
--- !u!108 &1059699627
Light:
  m_ObjectHideFlags: 0
  m_PrefabParentObject: {fileID: 0}
  m_PrefabInternal: {fileID: 0}
  m_GameObject: {fileID: 1059699626}
  m_Enabled: 1
  serializedVersion: 7
  m_Type: 1
  m_Color: {r: 1, g: 0.95686275, b: 0.8392157, a: 1}
  m_Intensity: 1
  m_Range: 10
  m_SpotAngle: 30
  m_CookieSize: 10
  m_Shadows:
    m_Type: 0
    m_Resolution: -1
    m_CustomResolution: -1
    m_Strength: 1
    m_Bias: 0.05
    m_NormalBias: 0.4
    m_NearPlane: 0.2
  m_Cookie: {fileID: 0}
  m_DrawHalo: 0
  m_Flare: {fileID: 0}
  m_RenderMode: 0
  m_CullingMask:
    serializedVersion: 2
    m_Bits: 4294967295
  m_Lightmapping: 4
  m_AreaSize: {x: 1, y: 1}
  m_BounceIntensity: 1
  m_ShadowRadius: 0
  m_ShadowAngle: 0
--- !u!4 &1059699628
Transform:
  m_ObjectHideFlags: 0
  m_PrefabParentObject: {fileID: 0}
  m_PrefabInternal: {fileID: 0}
  m_GameObject: {fileID: 1059699626}
  m_LocalRotation: {x: 0.40821788, y: -0.23456968, z: 0.10938163, w: 0.8754261}
  m_LocalPosition: {x: -1, y: 29.57, z: -25.4}
  m_LocalScale: {x: 1, y: 1, z: 1}
  m_LocalEulerAnglesHint: {x: 50, y: -30, z: 0}
  m_Children: []
  m_Father: {fileID: 0}
  m_RootOrder: 0
--- !u!43 &1454988444
Mesh:
  m_ObjectHideFlags: 0
  m_PrefabParentObject: {fileID: 0}
  m_PrefabInternal: {fileID: 0}
  m_Name: 
  serializedVersion: 8
  m_SubMeshes:
  - serializedVersion: 2
    firstByte: 0
    indexCount: 6
    topology: 0
    firstVertex: 0
    vertexCount: 4
    localAABB:
      m_Center: {x: 0, y: 0, z: 0}
      m_Extent: {x: 0.5, y: 0, z: 0.461}
  m_Shapes:
    vertices: []
    shapes: []
    channels: []
    fullWeights: []
  m_BindPose: []
  m_BoneNameHashes: 
  m_RootBoneNameHash: 0
  m_MeshCompression: 0
  m_IsReadable: 1
  m_KeepVertices: 1
  m_KeepIndices: 1
  m_IndexBuffer: 000001000200020001000300
  m_Skin: []
  m_VertexData:
    m_CurrentChannels: 11
    m_VertexCount: 4
    m_Channels:
    - stream: 0
      offset: 0
      format: 0
      dimension: 3
    - stream: 0
      offset: 12
      format: 0
      dimension: 3
    - stream: 0
      offset: 0
      format: 0
      dimension: 0
    - stream: 0
      offset: 24
      format: 0
      dimension: 2
    - stream: 0
      offset: 0
      format: 0
      dimension: 0
    - stream: 0
      offset: 0
      format: 0
      dimension: 0
    - stream: 0
      offset: 0
      format: 0
      dimension: 0
    - stream: 0
      offset: 0
      format: 0
      dimension: 0
    m_DataSize: 128
    _typelessdata: 000000bf000000003108ecbe00000000ffff7f3f000000000000000000000000000000bf000000003108ec3e00000000ffff7f3f00000000000000000000803f0000003f000000003108ecbe00000000ffff7f3f000000000000803f000000000000003f000000003108ec3e00000000ffff7f3f000000000000803f0000803f
  m_CompressedMesh:
    m_Vertices:
      m_NumItems: 0
      m_Range: 0
      m_Start: 0
      m_Data: 
      m_BitSize: 0
    m_UV:
      m_NumItems: 0
      m_Range: 0
      m_Start: 0
      m_Data: 
      m_BitSize: 0
    m_Normals:
      m_NumItems: 0
      m_Range: 0
      m_Start: 0
      m_Data: 
      m_BitSize: 0
    m_Tangents:
      m_NumItems: 0
      m_Range: 0
      m_Start: 0
      m_Data: 
      m_BitSize: 0
    m_Weights:
      m_NumItems: 0
      m_Data: 
      m_BitSize: 0
    m_NormalSigns:
      m_NumItems: 0
      m_Data: 
      m_BitSize: 0
    m_TangentSigns:
      m_NumItems: 0
      m_Data: 
      m_BitSize: 0
    m_FloatColors:
      m_NumItems: 0
      m_Range: 0
      m_Start: 0
      m_Data: 
      m_BitSize: 0
    m_BoneIndices:
      m_NumItems: 0
      m_Data: 
      m_BitSize: 0
    m_Triangles:
      m_NumItems: 0
      m_Data: 
      m_BitSize: 0
    m_UVInfo: 0
  m_LocalAABB:
    m_Center: {x: 0, y: 0, z: 0}
    m_Extent: {x: 0.5, y: 0, z: 0.461}
  m_MeshUsageFlags: 0
  m_BakedConvexCollisionMesh: 
  m_BakedTriangleCollisionMesh: 
  m_MeshOptimized: 0
--- !u!1001 &1467230263
Prefab:
  m_ObjectHideFlags: 0
  serializedVersion: 2
  m_Modification:
    m_TransformParent: {fileID: 184551174}
    m_Modifications:
    - target: {fileID: 400000, guid: 86625a1103fcd4719b18939f5e41dc2e, type: 3}
      propertyPath: m_LocalPosition.x
      value: 2.612
      objectReference: {fileID: 0}
    - target: {fileID: 400000, guid: 86625a1103fcd4719b18939f5e41dc2e, type: 3}
      propertyPath: m_LocalPosition.y
      value: 0.263
      objectReference: {fileID: 0}
    - target: {fileID: 400000, guid: 86625a1103fcd4719b18939f5e41dc2e, type: 3}
      propertyPath: m_LocalPosition.z
      value: -0.031000001
      objectReference: {fileID: 0}
    - target: {fileID: 400000, guid: 86625a1103fcd4719b18939f5e41dc2e, type: 3}
      propertyPath: m_LocalRotation.x
      value: -0
      objectReference: {fileID: 0}
    - target: {fileID: 400000, guid: 86625a1103fcd4719b18939f5e41dc2e, type: 3}
      propertyPath: m_LocalRotation.y
      value: 0.7071068
      objectReference: {fileID: 0}
    - target: {fileID: 400000, guid: 86625a1103fcd4719b18939f5e41dc2e, type: 3}
      propertyPath: m_LocalRotation.z
      value: 0.7071068
      objectReference: {fileID: 0}
    - target: {fileID: 400000, guid: 86625a1103fcd4719b18939f5e41dc2e, type: 3}
      propertyPath: m_LocalRotation.w
      value: 0
      objectReference: {fileID: 0}
    - target: {fileID: 400000, guid: 86625a1103fcd4719b18939f5e41dc2e, type: 3}
      propertyPath: m_RootOrder
      value: 4
      objectReference: {fileID: 0}
    - target: {fileID: 400000, guid: 86625a1103fcd4719b18939f5e41dc2e, type: 3}
      propertyPath: m_LocalEulerAnglesHint.x
      value: -90
      objectReference: {fileID: 0}
    - target: {fileID: 400000, guid: 86625a1103fcd4719b18939f5e41dc2e, type: 3}
      propertyPath: m_LocalEulerAnglesHint.y
      value: 180
      objectReference: {fileID: 0}
    - target: {fileID: 400000, guid: 86625a1103fcd4719b18939f5e41dc2e, type: 3}
      propertyPath: m_LocalEulerAnglesHint.z
      value: 0
      objectReference: {fileID: 0}
    - target: {fileID: 400000, guid: 86625a1103fcd4719b18939f5e41dc2e, type: 3}
      propertyPath: m_LocalScale.z
      value: 14.40001
      objectReference: {fileID: 0}
    - target: {fileID: 400000, guid: 86625a1103fcd4719b18939f5e41dc2e, type: 3}
      propertyPath: m_LocalScale.x
      value: 5.0000067
      objectReference: {fileID: 0}
    - target: {fileID: 400000, guid: 86625a1103fcd4719b18939f5e41dc2e, type: 3}
      propertyPath: m_LocalScale.y
      value: 5.000004
      objectReference: {fileID: 0}
    - target: {fileID: 2300000, guid: 86625a1103fcd4719b18939f5e41dc2e, type: 3}
      propertyPath: m_ReceiveShadows
      value: 1
      objectReference: {fileID: 0}
    - target: {fileID: 100000, guid: 86625a1103fcd4719b18939f5e41dc2e, type: 3}
      propertyPath: m_Name
      value: EMtalksLogo (3)
      objectReference: {fileID: 0}
    m_RemovedComponents: []
  m_ParentPrefab: {fileID: 100100000, guid: 86625a1103fcd4719b18939f5e41dc2e, type: 3}
  m_IsPrefabParent: 0
--- !u!1001 &2130144847
Prefab:
  m_ObjectHideFlags: 0
  serializedVersion: 2
  m_Modification:
    m_TransformParent: {fileID: 184551174}
    m_Modifications:
    - target: {fileID: 400000, guid: 86625a1103fcd4719b18939f5e41dc2e, type: 3}
      propertyPath: m_LocalPosition.x
      value: 0.055
      objectReference: {fileID: 0}
    - target: {fileID: 400000, guid: 86625a1103fcd4719b18939f5e41dc2e, type: 3}
      propertyPath: m_LocalPosition.y
      value: 0.263
      objectReference: {fileID: 0}
    - target: {fileID: 400000, guid: 86625a1103fcd4719b18939f5e41dc2e, type: 3}
      propertyPath: m_LocalPosition.z
      value: -0.031
      objectReference: {fileID: 0}
    - target: {fileID: 400000, guid: 86625a1103fcd4719b18939f5e41dc2e, type: 3}
      propertyPath: m_LocalRotation.x
      value: 0
      objectReference: {fileID: 0}
    - target: {fileID: 400000, guid: 86625a1103fcd4719b18939f5e41dc2e, type: 3}
      propertyPath: m_LocalRotation.y
      value: 0.7071068
      objectReference: {fileID: 0}
    - target: {fileID: 400000, guid: 86625a1103fcd4719b18939f5e41dc2e, type: 3}
      propertyPath: m_LocalRotation.z
      value: 0.7071068
      objectReference: {fileID: 0}
    - target: {fileID: 400000, guid: 86625a1103fcd4719b18939f5e41dc2e, type: 3}
      propertyPath: m_LocalRotation.w
      value: 0
      objectReference: {fileID: 0}
    - target: {fileID: 400000, guid: 86625a1103fcd4719b18939f5e41dc2e, type: 3}
      propertyPath: m_RootOrder
      value: 1
      objectReference: {fileID: 0}
    - target: {fileID: 400000, guid: 86625a1103fcd4719b18939f5e41dc2e, type: 3}
      propertyPath: m_LocalEulerAnglesHint.x
      value: -90
      objectReference: {fileID: 0}
    - target: {fileID: 400000, guid: 86625a1103fcd4719b18939f5e41dc2e, type: 3}
      propertyPath: m_LocalEulerAnglesHint.y
      value: 180
      objectReference: {fileID: 0}
    - target: {fileID: 400000, guid: 86625a1103fcd4719b18939f5e41dc2e, type: 3}
      propertyPath: m_LocalEulerAnglesHint.z
      value: 0
      objectReference: {fileID: 0}
    - target: {fileID: 400000, guid: 86625a1103fcd4719b18939f5e41dc2e, type: 3}
      propertyPath: m_LocalScale.z
      value: 14.4
      objectReference: {fileID: 0}
    - target: {fileID: 400000, guid: 86625a1103fcd4719b18939f5e41dc2e, type: 3}
      propertyPath: m_LocalScale.x
      value: 5
      objectReference: {fileID: 0}
    - target: {fileID: 400000, guid: 86625a1103fcd4719b18939f5e41dc2e, type: 3}
      propertyPath: m_LocalScale.y
      value: 5
      objectReference: {fileID: 0}
    - target: {fileID: 2300000, guid: 86625a1103fcd4719b18939f5e41dc2e, type: 3}
      propertyPath: m_ReceiveShadows
      value: 1
      objectReference: {fileID: 0}
    m_RemovedComponents: []
  m_ParentPrefab: {fileID: 100100000, guid: 86625a1103fcd4719b18939f5e41dc2e, type: 3}
  m_IsPrefabParent: 0
--- !u!1001 &2138856418
Prefab:
  m_ObjectHideFlags: 0
  serializedVersion: 2
  m_Modification:
    m_TransformParent: {fileID: 184551174}
    m_Modifications:
    - target: {fileID: 400000, guid: 86625a1103fcd4719b18939f5e41dc2e, type: 3}
      propertyPath: m_LocalPosition.x
      value: 0.09
      objectReference: {fileID: 0}
    - target: {fileID: 400000, guid: 86625a1103fcd4719b18939f5e41dc2e, type: 3}
      propertyPath: m_LocalPosition.y
      value: 0.263
      objectReference: {fileID: 0}
    - target: {fileID: 400000, guid: 86625a1103fcd4719b18939f5e41dc2e, type: 3}
      propertyPath: m_LocalPosition.z
      value: 1.356
      objectReference: {fileID: 0}
    - target: {fileID: 400000, guid: 86625a1103fcd4719b18939f5e41dc2e, type: 3}
      propertyPath: m_LocalRotation.x
      value: -0
      objectReference: {fileID: 0}
    - target: {fileID: 400000, guid: 86625a1103fcd4719b18939f5e41dc2e, type: 3}
      propertyPath: m_LocalRotation.y
      value: 0.7071068
      objectReference: {fileID: 0}
    - target: {fileID: 400000, guid: 86625a1103fcd4719b18939f5e41dc2e, type: 3}
      propertyPath: m_LocalRotation.z
      value: 0.7071068
      objectReference: {fileID: 0}
    - target: {fileID: 400000, guid: 86625a1103fcd4719b18939f5e41dc2e, type: 3}
      propertyPath: m_LocalRotation.w
      value: 0
      objectReference: {fileID: 0}
    - target: {fileID: 400000, guid: 86625a1103fcd4719b18939f5e41dc2e, type: 3}
      propertyPath: m_RootOrder
      value: 3
      objectReference: {fileID: 0}
    - target: {fileID: 400000, guid: 86625a1103fcd4719b18939f5e41dc2e, type: 3}
      propertyPath: m_LocalEulerAnglesHint.x
      value: -90
      objectReference: {fileID: 0}
    - target: {fileID: 400000, guid: 86625a1103fcd4719b18939f5e41dc2e, type: 3}
      propertyPath: m_LocalEulerAnglesHint.y
      value: 180
      objectReference: {fileID: 0}
    - target: {fileID: 400000, guid: 86625a1103fcd4719b18939f5e41dc2e, type: 3}
      propertyPath: m_LocalEulerAnglesHint.z
      value: 0
      objectReference: {fileID: 0}
    - target: {fileID: 400000, guid: 86625a1103fcd4719b18939f5e41dc2e, type: 3}
      propertyPath: m_LocalScale.z
      value: 14.400021
      objectReference: {fileID: 0}
    - target: {fileID: 400000, guid: 86625a1103fcd4719b18939f5e41dc2e, type: 3}
      propertyPath: m_LocalScale.x
      value: 5.0000143
      objectReference: {fileID: 0}
    - target: {fileID: 400000, guid: 86625a1103fcd4719b18939f5e41dc2e, type: 3}
      propertyPath: m_LocalScale.y
      value: 5.0000076
      objectReference: {fileID: 0}
    - target: {fileID: 2300000, guid: 86625a1103fcd4719b18939f5e41dc2e, type: 3}
      propertyPath: m_ReceiveShadows
      value: 1
      objectReference: {fileID: 0}
    - target: {fileID: 100000, guid: 86625a1103fcd4719b18939f5e41dc2e, type: 3}
      propertyPath: m_Name
      value: EMtalksLogo (2)
      objectReference: {fileID: 0}
    m_RemovedComponents: []
  m_ParentPrefab: {fileID: 100100000, guid: 86625a1103fcd4719b18939f5e41dc2e, type: 3}
  m_IsPrefabParent: 0
